@inproceedings{information_reconcilation,
	added-at = {2011-12-23T00:00:00.000+0100},
	author = {Gilles Brassard and Louis Salvail},
	booktitle = {EUROCRYPT},
	editor = {Tor Helleseth},
	interhash = {85719b6bfbaf7ccb69efe3f31aba9ad7},
	intrahash = {be8abc6c188049420cb421cb6d999868},
	isbn = {3-540-57600-2},
	keywords = {dblp},
	pages = {410--423},
	publisher = {Springer},
	series = {Lecture Notes in Computer Science},
	title = {Secret-Key Reconciliation by Public Discussion.},
	volume = 765,
	x-fetchedfrom = {Bibsonomy},
	year = 1993
}

@inproceedings{bb84,
	author = {Charles H Bennett and Gilles Brassard and others},
	booktitle = {Proceedings of IEEE International Conference on Computers, Systems and Signal Processing},
	organization = {New York},
	pages = {8},
	title = {Quantum cryptography: Public key distribution and coin tossing},
	volume = {175},
	x-fetchedfrom = {Google Scholar},
	year = {1984}
}

@article{bennett1992Expquacry,
	author = {Charles H Bennett and Fran\c{c}ois Bessette and Gilles Brassard and Louis Salvail and John Smolin},
	journal = {Journal of cryptology},
	number = {1},
	pages = {3--28},
	publisher = {Springer},
	title = {Experimental quantum cryptography},
	volume = {5},
	x-fetchedfrom = {Google Scholar},
	year = {1992}
}

@article{e91,
	author = {Artur K Ekert},
	journal = {Physical review letters},
	number = {6},
	pages = {661--663},
	publisher = {American Physical Society},
	title = {Quantum cryptography based on Bell's theorem},
	volume = {67},
	x-fetchedfrom = {Google Scholar},
	year = {1991}
}

@article{gisin2002Quacry,
	added-at = {2009-03-03T17:19:04.000+0100},
	author = {N. Gisin and G. Ribordy and W. Tittel and H. Zbinden},
	interhash = {55a41e3481a0b83afbe2d73b9b243b30},
	intrahash = {f6dc998b616569efdf7b673182fd5925},
	journal = {Rev. Mod. Phys.},
	keywords = {imported},
	month = {March},
	number = 1,
	pages = {145--195},
	title = {Quantum cryptography},
	volume = 74,
	x-fetchedfrom = {Bibsonomy},
	year = 2002
}

@article{scarani2009secpraquakeydis,
	author = {Valerio Scarani and Helle Bechmann-Pasquinucci and Nicolas J Cerf and Miloslav Du\v{s}ek and Norbert L\"{u}tkenhaus and Momtchil Peev},
	journal = {Reviews of Modern Physics},
	number = {3},
	pages = {1301},
	publisher = {APS},
	title = {The security of practical quantum key distribution},
	volume = {81},
	x-fetchedfrom = {Google Scholar},
	year = {2009}
}

@article{hughes2011Refquacry,
	author = {Richard Hughes and Jane Nordholt},
	journal = {Science},
	number = {6049},
	pages = {1584--1586},
	publisher = {American Association for the Advancement of Science},
	title = {Refining quantum cryptography},
	volume = {333},
	x-fetchedfrom = {Google Scholar},
	year = {2011}
}

@article{lam2013QuacryConimp,
	author = {PK Lam and TC Ralph},
	journal = {Nature Photonics},
	number = {5},
	pages = {350--352},
	publisher = {Nature Publishing Group},
	title = {Quantum cryptography: Continuous improvement},
	volume = {7},
	x-fetchedfrom = {Google Scholar},
	year = {2013}
}

@article{lounis2000Sinphodemsinmolrootem,
	author = {Brahim Lounis and WE Moerner},
	journal = {Nature},
	number = {6803},
	pages = {491--493},
	publisher = {Nature Publishing Group},
	title = {Single photons on demand from a single molecule at room temperature},
	volume = {407},
	x-fetchedfrom = {Google Scholar},
	year = {2000}
}

@article{benjamin2000Sinphodem,
	author = {Simon Benjamin},
	journal = {Science},
	number = {5500},
	pages = {2273--2274},
	publisher = {American Association for the Advancement of Science},
	title = {Single photons" on demand"},
	volume = {290},
	x-fetchedfrom = {Google Scholar},
	year = {2000}
}

@article{dieks1982CombyEPRdev,
	author = {DGBJ Dieks},
	journal = {Physics Letters A},
	number = {6},
	pages = {271--272},
	publisher = {Elsevier},
	title = {Communication by EPR devices},
	volume = {92},
	x-fetchedfrom = {Google Scholar},
	year = {1982}
}

@article{no_cloning_theorem,
	added-at = {2014-01-09T15:14:33.000+0100},
	author = {W. K. Wootters and W. H. Zurek},
	citeulike-article-id = {507853},
	citeulike-linkout-0 = {http://dx.doi.org/10.1038/299802a0},
	citeulike-linkout-1 = {http://dx.doi.org/10.1038/299802a0},
	day = 28,
	interhash = {a25f3797ca236fcf252a6de776ef441c},
	intrahash = {916e3eb47e56dd2dc73318fc494d4843},
	journal = {Nature},
	keywords = {quantum\_information},
	month = {oct},
	number = 5886,
	pages = {802--803},
	posted-at = {2013-12-13 15:00:09},
	priority = {2},
	publisher = {Nature Publishing Group},
	title = {{A single quantum cannot be cloned}},
	volume = 299,
	x-fetchedfrom = {Bibsonomy},
	year = 1982
}

@misc{renner2006SecQuaKeyDis,
	abstract = {We propose various new techniques in quantum information theory, including a de Finetti style representation theorem for finite symmetric quantum states. As an application, we give a proof for the security of quantum key distribution which applies to arbitrary protocols.},
	archiveprefix = {arXiv},
	author = {Renato Renner},
	comment = {published = 2005-12-30T15:13:42Z, updated = 2006-01-11T15:33:56Z, PhD thesis; index added},
	eprint = {quant-ph/0512258v2},
	month = {jan},
	primaryclass = {quant-ph},
	title = {{Security of Quantum Key Distribution}},
	url = {http://arxiv.org/abs/quant-ph/0512258v2; http://arxiv.org/pdf/quant-ph/0512258v2},
	x-fetchedfrom = {arXiv.org},
	year = {2006}
}

@article{holevo2002Introtoquathe,
	author = {A.S. Holevo},
	journal = {MCCME (Publishing House of Moscow Independent University)},
	title = {An introduction to quantum information theory},
	year = {2002}
}

@book{vernam_security_proof,
	author = {Габидулин Э.М. and Кшевецкий А.С. and Колыбельников А.И.},
	publisher = {МФТИ},
	title = {{Защита информации}},
	year = {2011}
}

@article{vernam_cryptosystem,
	added-at = {2011-02-14T16:52:54.000+0100},
	author = {G. Vernam},
	date-modified = {2006-08-22 11:34:24 +0200},
	interhash = {bba678ff3a68143d4338aa40956a45d6},
	intrahash = {204ec92bc721ec9660673967befdb524},
	journal = {Journal of American Institute of Electrical Engineers},
	keywords = {imported},
	pages = {109--115},
	timestamp = {2011.02.14},
	title = {Cipher printing telegraph system for secret wire and radio telegraphic communications},
	volume = 45,
	x-fetchedfrom = {Bibsonomy},
	year = 1926
}

@book{nielsen_chuang,
	author = {Michael A Nielsen and Isaac L Chuang},
	publisher = {Cambridge university press},
	title = {Quantum computation and quantum information},
	x-fetchedfrom = {Google Scholar},
	year = {2010}
}

@book{holevo,
	author = {Холево А.С.},
	publisher = {МЦНМО},
	title = {Квантовые системы, каналы, информация},
	year = {2010}
}

@article{non_orthogonal_states_discrimination_theorem,
	author = {Charles H Bennett},
	journal = {Physical Review Letters},
	number = {21},
	pages = {3121},
	publisher = {APS},
	title = {Quantum cryptography using any two nonorthogonal states},
	volume = {68},
	x-fetchedfrom = {Google Scholar},
	year = {1992}
}

@article{epr_paradox,
	abstract = {Phys. Rev. 47 (1935): A. Einstein, B. Podolsky, and N. Rosen - Can Quantum-Mechanical Description of...},
	added-at = {2007-11-11T14:56:13.000+0100},
	author = {A. Einstein and B. Podolsky and N. Rosen},
	interhash = {123f3f149d4e94566354a3587f9b600d},
	intrahash = {7ebc89f882bf857e06159e705d6def1b},
	journal = {Phys. Rev.},
	keywords = {TOREAD fundamental historical imported},
	number = 10,
	numpages = {3},
	pages = {777--780},
	publisher = {American Physical Society},
	title = {Can Quantum-Mechanical Description of Physical Reality Be Considered Complete?},
	volume = 47,
	x-fetchedfrom = {Bibsonomy},
	year = 1935
}

@article{privacy_amplification,
	added-at = {2011-10-31T00:00:00.000+0100},
	author = {Charles H. Bennett and Gilles Brassard and Claude Cr\'{e}peau and Ueli M. Maurer},
	interhash = {e9e03401220e4eb377c1f5e8bca145a6},
	intrahash = {256c6a9fe730f7a27a75bd6a2e144cb9},
	journal = {IEEE Transactions on Information Theory},
	keywords = {dblp},
	number = 6,
	pages = {1915--1923},
	title = {Generalized privacy amplification.},
	volume = 41,
	x-fetchedfrom = {Bibsonomy},
	year = 1995
}

@article{shor_bb84_security_proof,
	author = {Peter W Shor and John Preskill},
	journal = {Physical Review Letters},
	number = {2},
	pages = {441},
	publisher = {APS},
	title = {Simple proof of security of the BB84 quantum key distribution protocol},
	volume = {85},
	x-fetchedfrom = {Google Scholar},
	year = {2000}
}

@article{lo_chau,
	abstract = {dblp},
	added-at = {2005-11-15T00:00:00.000+0100},
	author = {Hoi-Kwong Lo and H. F. Chau and M. Ardehali},
	date = {2005-11-15},
	interhash = {ddad034d56702198473f90eaeec334a3},
	intrahash = {2f643973e8e795108ed1b1d42ef81a38},
	journal = {J. Cryptology},
	keywords = {dblp},
	number = 2,
	pages = {133--165},
	title = {Efficient Quantum Key Distribution Scheme and a Proof of Its Unconditional Security.},
	volume = 18,
	x-fetchedfrom = {Bibsonomy},
	year = 2005
}

@misc{protocol_css,
	author = {Thomas Baigneres},
	title = {Quantum Cryptography: On the Security of the BB84 Key-Exchange Protocol},
	x-fetchedfrom = {Google Scholar},
	year = {2003}
}

@article{bb84_collective_attack,
	author = {SN Molotkov and AV Timofeev},
	journal = {JETP Letters},
	number = {10},
	pages = {524--529},
	publisher = {Springer},
	title = {Explicit attack on the key in quantum cryptography (BB84 protocol) reaching the theoretical error limit Q c 11\%},
	volume = {85},
	x-fetchedfrom = {Google Scholar},
	year = {2007}
}

@article{b92_security_proof,
	author = {S.N. Molotkov},
	journal = {Journal of Experimental and Theoretical Physics Letters},
	number = {8},
	pages = {563--567},
	publisher = {Springer},
	title = {On a collective attack on the key in quantum cryptography on two nonorthogonal states},
	volume = {80},
	x-fetchedfrom = {Google Scholar},
	year = {2004}
}

@article{pns_attack,
	author = {Antonio Ac\'{\i}n and Nicolas Gisin and Valerio Scarani},
	journal = {Physical Review A},
	number = {1},
	pages = {012309},
	publisher = {APS},
	title = {Coherent-pulse implementations of quantum cryptography protocols resistant to photon-number-splitting attacks},
	volume = {69},
	x-fetchedfrom = {Google Scholar},
	year = {2004}
}

@article{uds_attack,
	abstract = {The use of linearly independent signal states in realistic implementations of quantum key distribution (QKD) enables an eavesdropper to perform unambiguous state discrimination. We explore quantitatively the limits for secure QKD imposed by this fact taking into account that the receiver can monitor to some extend the photon number statistics of the signals even with todays standard detection schemes. We compare our attack to the beamsplitting attack and show that security against beamsplitting attack does not necessarily imply security against the attack considered here.},
	archiveprefix = {arXiv},
	author = {Miloslav Dusek and Mika Jahma and Norbert L\"{u}tkenhaus},
	comment = {published = 1999-10-25T16:53:22Z, updated = 2000-04-27T06:57:18Z, 10 pages, 6 figures, updated version with added discussion of beamsplitting attack},
	eprint = {quant-ph/9910106v2},
	journal = {Physical Review A},
	primaryclass = {quant-ph},
	title = {{Unambiguous state discrimination in quantum cryptography with weak coherent states}},
	x-fetchedfrom = {arXiv.org},
	year = {2000}
}

@article{sarg04,
	abstract = {We introduce a new class of quantum quantum key distribution protocols, tailored to be robust against photon number splitting (PNS) attacks. We study one of these protocols, which differs from the BB84 only in the classical sifting procedure. This protocol is provably better than BB84 against PNS attacks at zero error.},
	archiveprefix = {arXiv},
	author = {Valerio Scarani and Antonio Acin and Gregoire Ribordy and Nicolas Gisin},
	comment = {published = 2002-11-20T12:54:24Z, updated = 2004-02-09T13:20:38Z, 4 pages, 2 figures},
	eprint = {quant-ph/0211131v4},
	journal = {Phys. Rev. Lett.},
	pages = {057901},
	primaryclass = {quant-ph},
	title = {{Quantum cryptography protocols robust against photon number splitting attacks for weak laser pulses implementations}},
	volume = {92},
	x-fetchedfrom = {arXiv.org},
	year = {2004}
}

@article{decoy_states_protocol,
	added-at = {2009-03-03T17:19:04.000+0100},
	author = {W. Y. Hwang},
	interhash = {ba17282ef8e2d2665f1526d5b6508d73},
	intrahash = {f60d933bf1b88e657abbe4699b9e3f65},
	journal = {Phys. Rev. Lett.},
	keywords = {imported},
	month = {August},
	number = 5,
	pages = 057901,
	title = {Quantum Key Distribution with High Loss: Toward Global Secure Communication},
	volume = 91,
	x-fetchedfrom = {Bibsonomy},
	year = 2003
}

@article{phase_time_protocol,
	author = {DA Kronberg and SN Molotkov},
	journal = {Journal of Experimental and Theoretical Physics},
	number = {4},
	pages = {557--584},
	publisher = {Springer},
	title = {Security of a two-parameter quantum cryptography system using time-shifted states against photon-number splitting attacks},
	volume = {109},
	x-fetchedfrom = {Google Scholar},
	year = {2009}
}

@article{privacy_amplification_by_public_discussion,
	author = {Charles H Bennett and Gilles Brassard and Jean-Marc Robert},
	journal = {SIAM journal on Computing},
	number = {2},
	pages = {210--229},
	publisher = {SIAM},
	title = {{Privacy amplification by public discussion}},
	volume = {17},
	x-fetchedfrom = {Google Scholar},
	year = {1988}
}

@article{universal_hashing,
	added-at = {2011-02-14T16:52:53.000+0100},
	author = {Larry Carter and Mark N. Wegman},
	interhash = {20e4f9c5ba054a0bba7d3045aeab3c4f},
	intrahash = {5179c48c43dfd8bf63fbebe991d1891e},
	journal = {Journal of Computer and System Sciences},
	keywords = {imported},
	number = 2,
	pages = {143--154},
	title = {{U}niversal {C}lasses of {H}ash {F}unctions},
	volume = 18,
	x-fetchedfrom = {Bibsonomy},
	year = 1979
}

@article{cascade_analysis,
	author = {RUTH II-YUNG NG},
	title = {A PROBABILISTIC ANALYSIS OF BINARY AND CASCADE},
	url = {http://home.uchicago.edu/~/ruthfrancisng/cascadereu.pdf},
	x-fetchedfrom = {Google Scholar}
}

@misc{jensens_inequality,
	howpublished = {https://ru.wikipedia.org/wiki/Неравенство\_Йенсена},
	title = {{Неравенство Йенсена}}
}

@misc{wpf,
	title = {{Windows Presentation Framework}},
	url = {https://msdn.microsoft.com/en-us/library/ms754130(v=vs.110).aspx}
}

@misc{mvvm,
	title = {{WPF Apps With The Model-View-ViewModel Design Pattern}},
	url = {https://msdn.microsoft.com/en-us/magazine/dd419663.aspx}
}

@misc{data_binding,
	title = {Data Binding Overview},
	url = {https://msdn.microsoft.com/en-us/library/ms752347(v=vs.110).aspx}
}

@misc{xaml,
	title = {XAML Overview (WPF)},
	url = {https://msdn.microsoft.com/en-us/library/ms752059(v=vs.110).aspx}
}

@misc{wpf_animation,
	title = {Animation Overview},
	url = {https://msdn.microsoft.com/en-us/library/ms752312(v=vs.110).aspx}
}

@misc{visual_state_manager,
	title = {Visual State Manager},
	url = {http://professorweb.ru/my/Silverlight/base/level7/7\_1.php}
}

