@inproceedings{bennett1984QuacryPubkeydiscoitos,
	author = {Charles H Bennett and Gilles Brassard and others},
	booktitle = {Proceedings of IEEE International Conference on Computers, Systems and Signal Processing},
	number = {150},
	organization = {New York},
	pages = {8},
	title = {Quantum cryptography: Public key distribution and coin tossing},
	volume = {175},
	x-fetchedfrom = {Google Scholar},
	year = {1984}
}

@article{bennett1992Expquacry,
	author = {Charles H Bennett and Fran\c{c}ois Bessette and Gilles Brassard and Louis Salvail and John Smolin},
	journal = {Journal of cryptology},
	number = {1},
	pages = {3--28},
	publisher = {Springer},
	title = {Experimental quantum cryptography},
	volume = {5},
	x-fetchedfrom = {Google Scholar},
	year = {1992}
}

@article{ekert1991QuacrybasBelthe,
	author = {Artur K Ekert},
	journal = {Physical review letters},
	number = {6},
	pages = {661--663},
	publisher = {American Physical Society},
	title = {Quantum cryptography based on Bell's theorem},
	volume = {67},
	x-fetchedfrom = {Google Scholar},
	year = {1991}
}

@article{gisin2002Quacry,
	added-at = {2009-03-03T17:19:04.000+0100},
	author = {N. Gisin and G. Ribordy and W. Tittel and H. Zbinden},
	interhash = {55a41e3481a0b83afbe2d73b9b243b30},
	intrahash = {f6dc998b616569efdf7b673182fd5925},
	journal = {Rev. Mod. Phys.},
	keywords = {imported},
	month = {March},
	number = 1,
	pages = {145--195},
	title = {Quantum cryptography},
	volume = 74,
	x-fetchedfrom = {Bibsonomy},
	year = 2002
}

@article{scarani2009secpraquakeydis,
	author = {Valerio Scarani and Helle Bechmann-Pasquinucci and Nicolas J Cerf and Miloslav Du\v{s}ek and Norbert L\"{u}tkenhaus and Momtchil Peev},
	journal = {Reviews of Modern Physics},
	number = {3},
	pages = {1301},
	publisher = {APS},
	title = {The security of practical quantum key distribution},
	volume = {81},
	x-fetchedfrom = {Google Scholar},
	year = {2009}
}

@article{hughes2011Refquacry,
	author = {Richard Hughes and Jane Nordholt},
	journal = {Science},
	number = {6049},
	pages = {1584--1586},
	publisher = {American Association for the Advancement of Science},
	title = {Refining quantum cryptography},
	volume = {333},
	x-fetchedfrom = {Google Scholar},
	year = {2011}
}

@article{lam2013QuacryConimp,
	author = {PK Lam and TC Ralph},
	journal = {Nature Photonics},
	number = {5},
	pages = {350--352},
	publisher = {Nature Publishing Group},
	title = {Quantum cryptography: Continuous improvement},
	volume = {7},
	x-fetchedfrom = {Google Scholar},
	year = {2013}
}

@article{lounis2000Sinphodemsinmolrootem,
	author = {Brahim Lounis and WE Moerner},
	journal = {Nature},
	number = {6803},
	pages = {491--493},
	publisher = {Nature Publishing Group},
	title = {Single photons on demand from a single molecule at room temperature},
	volume = {407},
	x-fetchedfrom = {Google Scholar},
	year = {2000}
}

@article{benjamin2000Sinphodem,
	author = {Simon Benjamin},
	journal = {Science},
	number = {5500},
	pages = {2273--2274},
	publisher = {American Association for the Advancement of Science},
	title = {Single photons" on demand"},
	volume = {290},
	x-fetchedfrom = {Google Scholar},
	year = {2000}
}

@article{dieks1982CombyEPRdev,
	author = {DGBJ Dieks},
	journal = {Physics Letters A},
	number = {6},
	pages = {271--272},
	publisher = {Elsevier},
	title = {Communication by EPR devices},
	volume = {92},
	x-fetchedfrom = {Google Scholar},
	year = {1982}
}

@article{wootters1982sinquacanbeclo,
	added-at = {2014-01-09T15:14:33.000+0100},
	author = {W. K. Wootters and W. H. Zurek},
	citeulike-article-id = {507853},
	citeulike-linkout-0 = {http://dx.doi.org/10.1038/299802a0},
	citeulike-linkout-1 = {http://dx.doi.org/10.1038/299802a0},
	day = 28,
	interhash = {a25f3797ca236fcf252a6de776ef441c},
	intrahash = {916e3eb47e56dd2dc73318fc494d4843},
	journal = {Nature},
	keywords = {quantum\_information},
	month = {oct},
	number = 5886,
	pages = {802--803},
	posted-at = {2013-12-13 15:00:09},
	priority = {2},
	publisher = {Nature Publishing Group},
	title = {{A single quantum cannot be cloned}},
	volume = 299,
	x-fetchedfrom = {Bibsonomy},
	year = 1982
}

@article{bennett1992Quacryusianytwononsta,
	author = {Charles H Bennett},
	journal = {Physical Review Letters},
	number = {21},
	pages = {3121},
	publisher = {APS},
	title = {Quantum cryptography using any two nonorthogonal states},
	volume = {68},
	x-fetchedfrom = {Google Scholar},
	year = {1992}
}

@article{bennett1995Genpriamp,
	author = {Charles H Bennett and Gilles Brassard and Claude Cr\'{e}peau and Ueli M Maurer},
	journal = {Information Theory, IEEE Transactions on},
	number = {6},
	pages = {1915--1923},
	publisher = {IEEE},
	title = {Generalized privacy amplification},
	volume = {41},
	x-fetchedfrom = {Google Scholar},
	year = {1995}
}

@misc{renner2006SecQuaKeyDis,
	abstract = {We propose various new techniques in quantum information theory, including a de Finetti style representation theorem for finite symmetric quantum states. As an application, we give a proof for the security of quantum key distribution which applies to arbitrary protocols.},
	archiveprefix = {arXiv},
	author = {Renato Renner},
	comment = {published = 2005-12-30T15:13:42Z, updated = 2006-01-11T15:33:56Z, PhD thesis; index added},
	eprint = {quant-ph/0512258v2},
	month = {jan},
	primaryclass = {quant-ph},
	title = {{Security of Quantum Key Distribution}},
	url = {http://arxiv.org/abs/quant-ph/0512258v2; http://arxiv.org/pdf/quant-ph/0512258v2},
	x-fetchedfrom = {arXiv.org},
	year = {2006}
}

@article{holevo2002Introtoquathe,
	author = {A.S. Holevo},
	journal = {MCCME (Publishing House of Moscow Independent University)},
	title = {An introduction to quantum information theory},
	year = {2002}
}

